<record><leader>00000cas a22000007a 4500</leader><controlfield tag="001">45198818</controlfield><controlfield tag="007">hd afb---bucu</controlfield><controlfield tag="008">001019d19uu1970cau x nea     0    0spa c</controlfield><datafield ind1=" " ind2=" " tag="010"><subfield code="a">  2003263901</subfield></datafield><datafield ind1=" " ind2=" " tag="040"><subfield code="a">TPN</subfield><subfield code="b">eng</subfield><subfield code="c">TPN</subfield><subfield code="d">OCL</subfield><subfield code="d">TXA</subfield><subfield code="d">DLC</subfield><subfield code="d">OCLCQ</subfield><subfield code="d">OCLCO</subfield><subfield code="d">OCLCF</subfield><subfield code="d">OCLCO</subfield></datafield><datafield ind1=" " ind2=" " tag="019"><subfield code="a">41901445</subfield></datafield><datafield ind1="1" ind2=" " tag="029"><subfield code="a">AU@</subfield><subfield code="b">000024890976</subfield></datafield><datafield ind1=" " ind2=" " tag="037"><subfield code="b">Bay Microfilms, Inc., 1115 E. Arques Ave., Sunnyvale, CA 94086</subfield></datafield><datafield ind1="0" ind2=" " tag="041"><subfield code="a">spa</subfield><subfield code="a">eng</subfield></datafield><datafield ind1=" " ind2=" " tag="042"><subfield code="a">pcc</subfield></datafield><datafield ind1=" " ind2=" " tag="043"><subfield code="a">n-us-ca</subfield></datafield><datafield ind1="0" ind2="0" tag="050"><subfield code="a">Newspaper</subfield></datafield><datafield ind1="1" ind2="4" tag="050"><subfield code="a">E184.M5</subfield><subfield code="b">C4535 Sec. 2, roll D</subfield></datafield><datafield ind1="0" ind2=" " tag="130"><subfield code="a">Ame&#769;rica (San Francisco, Calif.)</subfield></datafield><datafield ind1="1" ind2="0" tag="245"><subfield code="a">Ame&#769;rica</subfield><subfield code="h">[microform].</subfield></datafield><datafield ind1=" " ind2=" " tag="260"><subfield code="a">San Francisco, Calif. :</subfield><subfield code="b">Ame&#769;rica</subfield></datafield><datafield ind1=" " ind2=" " tag="310"><subfield code="a">Irregular</subfield></datafield><datafield ind1="1" ind2=" " tag="362"><subfield code="a">Ceased with issue for 29 July 1970.</subfield></datafield><datafield ind1=" " ind2=" " tag="500"><subfield code="a">"La voz hispano-americano."</subfield></datafield><datafield ind1=" " ind2=" " tag="515"><subfield code="a">Issues for &lt;Apr. 1968-Apr. 1970&gt; called also &lt;v. 9-11&gt;</subfield></datafield><datafield ind1=" " ind2=" " tag="546"><subfield code="a">Chiefly in Spanish with some contributions in English.</subfield></datafield><datafield ind1=" " ind2=" " tag="580"><subfield code="a">Merged with: Prensa (Berkeley, Calif. : 1970), to form: Mundo hispano (Berkeley, Calif. : 1970).</subfield></datafield><datafield ind1=" " ind2=" " tag="588"><subfield code="a">Description based on: 5 de abr. 1968.</subfield></datafield><datafield ind1=" " ind2=" " tag="533"><subfield code="a">Microfilm.</subfield><subfield code="m">5 de abr. 1968, 1 abr. de 1970, junio 10 de 1970</subfield><subfield code="b">Palo Alto, Calif. :</subfield><subfield code="c">Filmed by Bay Microfilm, Inc., Library Microfilms Division, [in conjunction with the Chicano Studies Collections, University of California, Berkeley].</subfield><subfield code="e">1 microfilm reel ; 35 mm.</subfield><subfield code="f">([Chicano serials collection] ; Sec. 2, roll D)</subfield><subfield code="n">Filmed with other titles.</subfield></datafield><datafield ind1=" " ind2="0" tag="650"><subfield code="a">Hispanic Americans</subfield><subfield code="z">California</subfield><subfield code="v">Newspapers.</subfield></datafield><datafield ind1=" " ind2="0" tag="651"><subfield code="a">San Francisco (Calif.)</subfield><subfield code="v">Newspapers.</subfield></datafield><datafield ind1=" " ind2="7" tag="655"><subfield code="a">Newspapers.</subfield><subfield code="2">fast</subfield><subfield code="0">(OCoLC)fst01423814</subfield></datafield><datafield ind1=" " ind2="7" tag="650"><subfield code="a">Hispanic Americans.</subfield><subfield code="2">fast</subfield><subfield code="0">(OCoLC)fst00957523</subfield></datafield><datafield ind1=" " ind2="7" tag="651"><subfield code="a">California.</subfield><subfield code="2">fast</subfield><subfield code="0">(OCoLC)fst01204928</subfield></datafield><datafield ind1=" " ind2="7" tag="651"><subfield code="a">California</subfield><subfield code="z">San Francisco.</subfield><subfield code="2">fast</subfield><subfield code="0">(OCoLC)fst01204481</subfield></datafield><datafield ind1=" " ind2=" " tag="752"><subfield code="a">United States</subfield><subfield code="b">California</subfield><subfield code="c">San Francisco</subfield><subfield code="d">San Francisco.</subfield></datafield><datafield ind1="1" ind2=" " tag="776"><subfield code="c">Original</subfield><subfield code="w">(DLC)sn 86058131</subfield><subfield code="w">(OCoLC)14972514</subfield></datafield><datafield ind1="1" ind2="7" tag="785"><subfield code="t">Prensa (Berkeley, Calif. : 1970)</subfield></datafield><datafield ind1="1" ind2="7" tag="785"><subfield code="t">Mundo hispano (Berkeley, Calif. : 1970)</subfield></datafield><datafield ind1=" " ind2="0" tag="830"><subfield code="a">Chicano serials collection ;</subfield><subfield code="v">Sec. 2, roll d.</subfield></datafield><datafield ind1=" " ind2=" " tag="850"><subfield code="a">DLC</subfield></datafield></record>